################################################################################``
################################################################################
INTRODUCTION

@article{davids2003,
author="Davids, Keith
and Glazier, Paul
and Ara{\'u}jo, Duarte
and Bartlett, Roger",
title="Movement Systems as Dynamical Systems",
journal="Sports Medicine",
year="2003",
month="Apr",
day="01",
volume="33",
number="4",
pages="245--260",
issn="1179-2035",
doi="10.2165/00007256-200333040-00001",
url="https://doi.org/10.2165/00007256-200333040-00001"
}



################################################################################``
################################################################################
State space reconstruction


@article{packard1980,
  title = {Geometry from a Time Series},
  author = {Packard, N. H. and Crutchfield, J. P. and Farmer, J. D. and Shaw, R. S.},
  journal = {Phys. Rev. Lett.},
  volume = {45},
  issue = {9},
  pages = {712--716},
  numpages = {0},
  year = {1980},
  month = {Sep},
  publisher = {American Physical Society},
  doi = {10.1103/PhysRevLett.45.712},
  url = {https://link.aps.org/doi/10.1103/PhysRevLett.45.712}
}



@article{gibson1992,
title = "An analytic approach to practical state space reconstruction",
author = "John F. Gibson and J. Doyne Farmer and Martin Casdagli and Stephen Eubank",
journal = "Physica D: Nonlinear Phenomena",
volume = "57",
number = "1",
pages = "1 - 30",
year = "1992",
note = "",
issn = "0167-2789",
}
doi = "http://dx.doi.org/10.1016/0167-2789(92)90085-2",
url = "http://www.sciencedirect.com/science/article/pii/0167278992900852",

@article{kennel1992,
  title = {Determining embedding dimension for phase-space reconstruction using a geometrical construction},
  author = {Kennel, Matthew B. and Brown, Reggie and Abarbanel, Henry D. I.},
  journal = {Phys. Rev. A},
  volume = {45},
  issue = {6},
  pages = {3403--3411},
  numpages = {0},
  year = {1992},
  month = {Mar},
  publisher = {American Physical Society},
  doi = {10.1103/PhysRevA.45.3403},
}
  url = {https://link.aps.org/doi/10.1103/PhysRevA.45.3403}


@article{bradley2015,
author = {Elizabeth Bradley and Holger Kantz},
title = {Nonlinear time-series analysis revisited},
journal = {Chaos: An Interdisciplinary Journal of Nonlinear Science},
volume = {25},
number = {9},
pages = {097610},
year = {2015},
doi = {10.1063/1.4917289},
}
URL = {http://dx.doi.org/10.1063/1.4917289},
eprint = {http://dx.doi.org/10.1063/1.4917289}




@inproceedings{Quintana-Duque2012,
author =       {Quintana Duque, Juan Carlos},
title={Non-linear Dynamic Invariants based on Embedding Reconstruction of Systems for Pedaling Motion},
journal = {Proceedings Sportinformatik 2012 9. Symposium der dvs-Sektion Sportinformatik},
booktitle={Sportinformatik 2012 : 9. vom 12.- 14. Sept. 2012 in Konstanz : Beiträge},
pages = {28--38},
year = {2012},
editor={Byshko, Roman},
publisher={Universität},
}
https://kops.uni-konstanz.de/handle/123456789/25637


@phdthesis{Quintana-Duque2016,
  author =       {Quintana Duque, Juan Carlos},
  title =        {Non-linear methods for the quantification of cyclic motion},
  school =       {University of Konstanz},
  year =         2016,
  address =      {Konstanz, Germany},
  type     = {{PhD} dissertation},
}
URL = {http://docserver.bis.uni-oldenburg.de/publikationen/dissertation/2004/damtow04/damtow04.html},


@book{Quintana-Duque2013,
author = {Quintana-Duque, JC and Saupe, Dietmar},
booktitle = {Performance Analysis of Sport IX},
doi = {10.4324/9780203080443},
publisher = {Routledge},
isbn = {9780203080443},
number = {July},
title = {{Evidence of Chaos in Indoor Pedaling Motion using Non-linear Methods}},
year = {2013}
}





@article{Cao1997,
  title = {{Practical method for determining the minimum embedding dimension of a scalar time series}},
  author = {Liangyue Cao},
  journal = "Physica D: Nonlinear Phenomena",
  year = 1997,
  volume = 110,
  pages = "43-50"
}


@inproceedings{uzal2010,
author = {Lucas C. Uzal and Pablo F. Verdes},
title = {{Optimal Irregular Delay Embeddings}},
booktitle = {Dynamics Days South America 2010},
booktitleaddon = {International conference on Chaos and Nonlinear Dynamics},
publisher    = {National Institute for Space Research},
year = {2010},
month = {July},
volume={},
number={},
pages={},
ISSN={},
location     = {Sao Jose Dos Campos, Brazil},
url={http://urlib.net/8JMKD3MGP7W/3824342},
}




http://www.lac.inpe.br/ddays/proceedings.jsp

UZAL, L.; VERDES, P. Optimal irregular delay embeddings. 
In: DYNAMICS DAYS SOUTH AMERICA 2010. - INTERNATIONAL CONFERENCE ON CHAOS AND NONLINEAR DYNAMICS., 2010, 
São José dos Campos. Proceedings... 
São José dos Campos: INPE, 2010. 
On-line. IBI: <8JMKD3MGP7W/3824342>. Available 
from: <http://urlib.net/8JMKD3MGP7W/3824342>. 




@article{uzal2011,
  title = {Optimal reconstruction of dynamical systems: A noise amplification approach},
  author = {Uzal, L. C. and Grinblat, G. L. and Verdes, P. F.},
  journal = {Phys. Rev. E},
  volume = {84},
  issue = {1},
  pages = {016223},
  numpages = {17},
  year = {2011},
  month = {Jul},
  publisher = {American Physical Society},
  doi = {10.1103/PhysRevE.84.016223},
}
  url = {https://link.aps.org/doi/10.1103/PhysRevE.84.016223}



  @article{casdagli1991,
  author = "Martin Casdagli and Stephen Eubank and J.Doyne Farmer and John Gibson",
  title = "State space reconstruction in the presence of noise",
  journal = "Physica D: Nonlinear Phenomena",
  volume = "51",
  number = "1",
  pages = "52 - 98",
  year = "1991",
  issn = "0167-2789",
  }
  doi = "https://doi.org/10.1016/0167-2789(91)90222-U",
  url = "http://www.sciencedirect.com/science/article/pii/016727899190222U",



@article{krakovska2015,
author = {Krakovsk{\'{a}}, Anna and Mezeiov{\'{a}}, Krist{\'{i}}na and I, Hana Bud{\'{a}}},
title = {{Use of False Nearest Neighbours for Selecting Variables and Embedding Parameters for State Space Reconstruction}},
journal = {Journal of Complex Systems},
volume = {2015},
year = {2015},
}
doi = {http://dx.doi.org/10.1155/2015/932750},



  @ARTICLE{emrani2014a,
  author={S. Emrani and T. Gentimis and H. Krim},
  journal={IEEE Signal Processing Letters},
  title={Persistent Homology of Delay Embeddings and its Application to Wheeze Detection},
  year={2014},
  volume={21},
  number={4},
  pages={459-463},
  keywords={medical signal detection;medical signal processing;periodic structures;pneumodynamics;topology;ACL;autocorrelation like function;breathing sound signals;delay-coordinate embeddings;dynamical systems;harmonic structures;periodic structure;persistent homology;topological methods;wheeze detection;Correlation;Data mining;Delay effects;Delays;Indexes;Robustness;Topology;Algebraic topology algorithms;audio analysis;biomedical signal processing;topological signal analysis},
  doi={10.1109/LSP.2014.2305700},
  ISSN={1070-9908},
  month={April},}

  @article{garcia2005e71,
    title = {Nearest neighbor embedding with different time delays},
    author = {Garcia, Sara P. and Almeida, Jonas S.},
    journal = {Phys. Rev. E},
    volume = {71},
    issue = {3},
    pages = {037204},
    numpages = {4},
    year = {2005},
    month = {Mar},
    publisher = {American Physical Society},
    doi = {10.1103/PhysRevE.71.037204},
  }
url = {https://link.aps.org/doi/10.1103/PhysRevE.71.037204}




@article{mrosenstein1994,
title = "Reconstruction expansion as a geometry-based framework for choosing proper delay times",
journal = "Physica D: Nonlinear Phenomena",
volume = "73",
number = "1",
pages = "82 - 98",
year = "1994",
issn = "0167-2789",
doi = "https://doi.org/10.1016/0167-2789(94)90226-7",
url = "http://www.sciencedirect.com/science/article/pii/0167278994902267",
author = "Michael T. Rosenstein and James J. Collins and Carlo J. De Luca"
}



@article{frank2010,
author = {Jordan Frank and Shie Mannor and Doina Precup},
title = {Activity and Gait Recognition with Time-Delay Embeddings},
journal = {AAAI Conference on Artificial Intelligence},
keywords = {Special Track -- Physically Grounded AI},
pages = {407--408},
year = {2010},
isbn = {9781577354666},
}
url = {https://www.aaai.org/ocs/index.php/AAAI/AAAI10/paper/view/1666}



@article{sama2013,
author = {Sam\`{a}, Albert and Ruiz, Francisco J. and Agell, N\'{u}ria and P\'{e}rez-L\'{o}pez, Carlos and Catal\`{a}, Andreu and Cabestany, Joan},
doi = {10.1016/j.neucom.2012.12.042},
issn = {09252312},
journal = {Neurocomputing},
keywords = {Box approximation geometry,Gait recognition,Inertial sensors,Singular spectrum analysis},
pages = {79--88},
title = {{Gait identification by means of box approximation geometry of reconstructed attractors in latent space}},
volume = {121},
year = {2013}
}





@article{kabiraj2012,
author = {Lipika Kabiraj and Aditya Saurabh and Pankaj Wahi and R. I. Sujith},
title = {Route to chaos for combustion instability in ducted laminar premixed flames},
journal = {Chaos: An Interdisciplinary Journal of Nonlinear Science},
volume = {22},
number = {2},
pages = {023129},
year = {2012},
doi = {10.1063/1.4718725},
}


@article{afraser1986,
  title = {Independent coordinates for strange attractors from mutual information},
  author = {Fraser, Andrew M. and Swinney, Harry L.},
  journal = {Phys. Rev. A},
  volume = {33},
  issue = {2},
  pages = {1134--1140},
  numpages = {0},
  year = {1986},
  month = {Feb},
  publisher = {American Physical Society},
}





@article{garland2016,
title = "Exploring the topology of dynamical reconstructions ",
journal = "Physica D: Nonlinear Phenomena ",
volume = "334",
number = "",
pages = "49 - 59",
year = "2016",
note = "Topology in Dynamics, Differential Equations, and Data ",
issn = "0167-2789",
author = "Joshua Garland and Elizabeth Bradley and James D. Meiss",
keywords = "Topology",
keywords = "Delay-coordinate embedding",
keywords = "Nonlinear time-series analysis",
keywords = "Computational homology",
keywords = "Witness complex "
}








@INPROCEEDINGS{Comotti2014,
author={D. Comotti and M. Galizzi and A. Vitali},
booktitle={2014 International Symposium on Inertial Sensors and Systems (ISISS)},
title={neMEMSi: One step forward in wireless attitude and heading reference systems},
year={2014},
pages={1-4},
keywords={inertial navigation;microsensors;wireless sensor networks;MEMS;inertial based motion tracking;inertial system-on-board;magnetic system-on-board;navigation systems;neMEMSi;ultra low-power System;wireless attitude and heading reference system;Bluetooth;Power demand;Sensor fusion;Tracking;Wireless communication;Wireless sensor networks},
doi={10.1109/ISISS.2014.6782521},
month={Feb},}



@article{aguirre2009,
    author = {Aguirre, Luis A. AND Letellier, Christophe},
    journal = {Mathematical Problems in Engineering},
    publisher = {Wiley Hindawi},
    title = {Modeling Nonlinear Dynamics and Chaos: A Review},
    year = {2009},
    month = {12},
    volume = {11},
    pages = {1-22},
    number = {12},
}


@article{takens1981,
  author="Takens, Floris",
  editor="Rand, David and Young, Lai-Sang",
  title="Detecting strange attractors in turbulence",
  journal="Dynamical Systems and Turbulence, Warwick 1980: Proceedings of a Symposium Held at the University of Warwick 1979/80",
  year="1981",
  publisher="Springer Berlin Heidelberg",
  address="Berlin, Heidelberg",
  pages="366--381",
  }
  isbn="978-3-540-38945-3",
  doi="10.1007/BFb0091924",
  url="https://doi.org/10.1007/BFb0091924"

https://link.springer.com/chapter/10.1007%2FBFb0091924







@book{guastello-gregson2011,
title = {Nonlinear Dynamical Systems Analysis for the Behavioral Science Using Real Data},
author ={Stephen J. Guastello and Robert A. M. Gregson},
year={2011},
publisher={CRC Press}
}




@article{stergiou2011,
title = "Human movement variability, nonlinear dynamics, and pathology: Is there a connection?",
journal = "Human Movement Science",
volume = "30",
number = "5",
pages = "869 - 888",
year = "2011",
note = "EWOMS 2009: The European Workshop on Movement Science",
issn = "0167-9457",
author = "Nicholas Stergiou and Leslie M. Decker",
keywords = "Chaos, Stability, Anterior cruciate ligament, Cerebral concussion, Passive dynamic walker, Infant motor development"
}
doi = "https://doi.org/10.1016/j.humov.2011.06.002",
url = "http://www.sciencedirect.com/science/article/pii/S0167945711000832",



@article{small2004,
title = "Optimal embedding parameters: a modelling paradigm",
journal = "Physica D: Nonlinear Phenomena",
volume = "194",
number = "3",
pages = "283 - 296",
year = "2004",
issn = "0167-2789",
doi = "https://doi.org/10.1016/j.physd.2004.03.006",
url = "http://www.sciencedirect.com/science/article/pii/S0167278904001186",
author = "Michael Small and C.K. Tse",
keywords = "Embedding dimension, Lag, Window, Minimum description length",
abstract = "Abstract The reconstruction of a dynamical system from a time series requires the selection of two parameters: the embedding dimension de and the embedding lag τ. Many competing criteria to select these parameters exist, and all are heuristic. Within the context of modelling the evolution operator of the underlying dynamical system, we show that one only need be concerned with the product deτ. We introduce an information theoretic criterion for the optimal selection of the embedding window dw=deτ. For infinitely long time series, this method is equivalent to selecting the embedding lag that minimises the nonlinear model prediction error. For short and noisy time series, we find that the results of this new algorithm are data-dependent and are superior to estimation of embedding parameters with the standard techniques."
}



@article{gomezgarcia2014,
title = "Non uniform Embedding based on Relevance Analysis with reduced computational complexity: Application to the detection of pathologies from biosignal recordings",
journal = "Neurocomputing",
volume = "132",
number = "Supplement C",
pages = "148 - 158",
year = "2014",
note = "Innovations in Nature Inspired Optimization and Learning Methods Machines learning for Non-Linear Processing",
issn = "0925-2312",
author = "Jorge A. Gómez-García and Juan I. Godino-Llorente and Germán Castellanos-Dominguez",
keywords = "Nonlinear dynamics, Non uniform embedding, Time-delay embedding"
}



################################################################################
################################################################################
################################################################################
################################################################################
################################################################################
Recurrence Quantification

@article{eckmann1987,
  author={Jean-Pierre Eckmann and Sylvie Oliffson Kamphorst and Daniel Ruelle},
  title={Recurrence Plots of Dynamical Systems},
  journal={EPL (Europhysics Letters)},
  volume={4},
  number={9},
  pages={973},
  url={http://stacks.iop.org/0295-5075/4/i=9/a=004},
  year={1987},
  abstract={A new graphical tool for measuring the time constancy of dynamical systems is presented and illustrated with typical examples.}
}


@incollection{marwan2015,
  author    = {Norbert Marwan and Charles L. Webber},
  title={Mathematical and Computational Foundations of Recurrence Quantifications},
  editor = {Charles L. Webber and Norbert Marwan},
  booktitle = {Recurrence Quantification Analysis: Theory and Best Practices},
  publisher = {Springer, Cham},
  edition   = 1,
  isbn      = {978-3-319-07154-1},
  year= 2015,
  pages       = "3-43",
  chapter     = 1
}


@article{marwan2007,
title = "Recurrence plots for the analysis of complex systems",
journal = "Physics Reports",
volume = "438",
number = "5",
pages = "237 - 329",
year = "2007",
issn = "0370-1573",
doi = "https://doi.org/10.1016/j.physrep.2006.11.001",
url = "http://www.sciencedirect.com/science/article/pii/S0370157306004066",
author = "Norbert Marwan and M. Carmen Romano and Marco Thiel and Jürgen Kurths",
keywords = "Data analysis, Recurrence plot, Nonlinear dynamics",
}
`



@article{marwan2011,
   author = {Norbert Marwan},
    title = "{How to Avoid Potential Pitfalls in Recurrence Plot Based Data Analysis}",
  journal = {International Journal of Bifurcation and Chaos},
archivePrefix = "arXiv",
   eprint = {1007.2215},
 primaryClass = "nlin.CD",
     year = 2011,
   volume = 21,
    pages = {1003},
      doi = {10.1142/S0218127411029008},
}





@article{iwanski1998,
author = {Iwanski,Joseph S.  and Bradley,Elizabeth },
title = {Recurrence plots of experimental data: To embed or not to embed?},
journal = {Chaos: An Interdisciplinary Journal of Nonlinear Science},
volume = {8},
number = {4},
pages = {861-871},
year = {1998},
doi = {10.1063/1.166372},

URL = { 
        https://doi.org/10.1063/1.166372
    
},
eprint = { 
        https://doi.org/10.1063/1.166372
    
}

}






@book{kantz2003,
 author = {Kantz, Holger and Schreiber, Thomas},
 title = {Nonlinear Time Series Analysis},
 year = {2003},
 isbn = {0521529026},
 publisher = {Cambridge University Press},
 address = {New York, NY, USA},
}


@article{pecora2007,
author = {Louis M. Pecora and Linda Moniz and Jonathan Nichols and Thomas L. Carroll},
title = {A unified approach to attractor reconstruction},
journal = {Chaos: An Interdisciplinary Journal of Nonlinear Science},
volume = {17},
number = {1},
pages = {013110},
year = {2007},
doi = {10.1063/1.2430294},
}




@article{zbilut1992,
title = "Embeddings and delays as derived from quantification of recurrence plots",
journal = "Physics Letters A",
volume = "171",
number = "3",
pages = "199 - 203",
year = "1992",
issn = "0375-9601",
doi = "https://doi.org/10.1016/0375-9601(92)90426-M",
url = "http://www.sciencedirect.com/science/article/pii/037596019290426M",
author = "Joseph P. Zbilut and Charles L. Webber"
}



@article{trulla1996,
title = "Recurrence quantification analysis of the logistic equation with transients",
journal = "Physics Letters A",
volume = "223",
number = "4",
pages = "255 - 260",
year = "1996",
issn = "0375-9601",
doi = "https://doi.org/10.1016/S0375-9601(96)00741-4",
url = "http://www.sciencedirect.com/science/article/pii/S0375960196007414",
author = "L.L. Trulla and A. Giuliani and J.P. Zbilut and C.L. Webber",
keywords = "Recurrence, Lyapunov exponents, Stationarity, Chaos, Complex systems, Nonlinear dynamics"
}


@article{marwan2008,
author="Marwan, N.",
title="A historical review of recurrence plots",
journal="The European Physical Journal Special Topics",
year="2008",
month="Oct",
day="01",
volume="164",
number="1",
pages="3--12",
issn="1951-6401",
doi="10.1140/epjst/e2008-00829-1",
url="https://doi.org/10.1140/epjst/e2008-00829-1"
}


#applications of RQA in human movevement in PLOSone
@article{apthorp2014,
    author = {Apthorp, Deborah AND Nagle, Fintan AND Palmisano, Stephen},
    journal = {PLOS ONE},
    publisher = {Public Library of Science},
    title = {Chaos in Balance: Non-Linear Measures of Postural Control Predict Individual Variations in Visual Illusions of Motion},
    year = {2014},
    month = {12},
    volume = {9},
    url = {https://doi.org/10.1371/journal.pone.0113897},
    pages = {1-22},
    number = {12},
    doi = {10.1371/journal.pone.0113897}
}


@article{duran2017,
    author = {Duran, Nicholas D. AND Fusaroli, Riccardo},
    journal = {PLOS ONE},
    publisher = {Public Library of Science},
    title = {Conversing with a devil’s advocate: Interpersonal coordination in deception and disagreement},
    year = {2017},
    month = {06},
    volume = {12},
    url = {https://doi.org/10.1371/journal.pone.0178140},
    pages = {1-25},
    number = {6},
    doi = {10.1371/journal.pone.0178140}
}


@article{rhea2011,
    author = {Rhea, Christopher K. AND Silver, Tobin A. AND Hong, S. Lee AND Ryu, Joong Hyun AND Studenka, Breanna E. AND Hughes, Charmayne M. L. AND Haddad, Jeffrey M.},
    journal = {PLOS ONE},
    publisher = {Public Library of Science},
    title = {Noise and Complexity in Human Postural Control: Interpreting the Different Estimations of Entropy},
    year = {2011},
    month = {03},
    volume = {6},
    url = {https://doi.org/10.1371/journal.pone.0017696},
    pages = {1-9},
    number = {3},
    doi = {10.1371/journal.pone.0017696}
}



################################################################################
################################################################################
################################################################################
################################################################################
################################################################################

#
#  EXPERIMENT
#

@inproceedings{gouaillier2009,
 author = {Gouaillier, David and Hugel, Vincent and Blazevic, Pierre and Kilner, Chris and Monceaux, J{\'e}r\^{o}me and Lafourcade, Pascal and Marnier, Brice and Serre, Julien and Maisonnier, Bruno},
 title = {Mechatronic Design of NAO Humanoid},
 booktitle = {Proceedings of the 2009 IEEE International Conference on Robotics and Automation},
 series = {ICRA'09},
 year = {2009},
 isbn = {978-1-4244-2788-8},
 location = {Kobe, Japan},
 pages = {2124--2129},
 numpages = {6},
 url = {http://dl.acm.org/citation.cfm?id=1703775.1703795},
 acmid = {1703795},
 publisher = {IEEE Press},
 address = {Piscataway, NJ, USA},
} 












################################################################################
################################################################################
################################################################################
################################################################################
################################################################################

# PREPROCESSING

@article{loffe2015,
  author    = {Sergey Ioffe and
               Christian Szegedy},
  title     = {Batch Normalization: Accelerating Deep Network Training by Reducing
               Internal Covariate Shift},
  journal   = {CoRR},
  volume    = {abs/1502.03167},
  year      = {2015},
  url       = {http://arxiv.org/abs/1502.03167},
  archivePrefix = {arXiv},
  eprint    = {1502.03167},
  timestamp = {Wed, 07 Jun 2017 14:40:49 +0200},
  biburl    = {https://dblp.org/rec/bib/journals/corr/IoffeS15},
  bibsource = {dblp computer science bibliography, https://dblp.org}
}



@article{savitzkygolay1964,
   author = {Savitzky, Abraham and Golay, Marcel J. E.},
    title = "{Smoothing and differentiation of data by simplified least squares procedures}",
  journal = {Analytical Chemistry},
     year = 1964,
   volume = 36,
    pages = {1627-1639},
   url = {https://pubs.acs.org/doi/abs/10.1021/ac60214a047},
}



@book{press1992,
 author = {Press, William H. and Teukolsky, Saul A. and Vetterling, William T. and Flannery, Brian P.},
 title = {Numerical Recipes in C (2Nd Ed.): The Art of Scientific Computing},
 year = {1992},
 pages = {650 --655},
 isbn = {0-521-43108-5},
 publisher = {Cambridge University Press},
 address = {New York, NY, USA},
 url = {https://www2.units.it/ipl/students_area/imm2/files/Numerical_Recipes.pdf},
}




@INPROCEEDINGS{schafer2011,
author={R. W. Schafer},
booktitle={2011 Digital Signal Processing and Signal Processing Education Meeting (DSP/SPE)},
title={On the frequency-domain properties of Savitzky-Golay filters},
year={2011},
volume={},
number={},
pages={54-59},
doi={10.1109/DSP-SPE.2011.5739186},
ISSN={},
month={Jan},
}


@INPROCEEDINGS{anguita2013,
author={Davide Anguita and Alessandro Ghio and Luca Oneto and Xavier Parra and Jorge L. Reyes-Ortiz},
booktitle={21th European Symposium on Artificial Neural Networks, Computational Intelligence and Machine Learning, ESANN 2013},
title={A Public Domain Dataset for Human Activity Recognition Using Smartphones},
year={2013},
volume={},
number={},
pages={},
doi={978-2-87419-081-0},
ISSN={},
month={April},
}


= {Bruges, Belgium },



@article{shoaib2016,
AUTHOR = {Shoaib, Muhammad and Bosch, Stephan and Incel, Ozlem Durmaz and Scholten, Hans and Havinga, Paul J. M.},
TITLE = {Complex Human Activity Recognition Using Smartphone and Wrist-Worn Motion Sensors},
JOURNAL = {Sensors},
VOLUME = {16},
YEAR = {2016},
NUMBER = {4},
ISSN = {1424-8220},
DOI = {10.3390/s16040426}
}
URL = {http://www.mdpi.com/1424-8220/16/4/426},
ARTICLE NUMBER = {426},

@article{letellier2006,
  title = {Estimating the Shannon Entropy: Recurrence Plots versus Symbolic Dynamics},
  author = {Letellier, Christophe},
  journal = {Phys. Rev. Lett.},
  volume = {96},
  issue = {25},
  pages = {254102},
  numpages = {4},
  year = {2006},
  month = {Jun},
  publisher = {American Physical Society},
  doi = {10.1103/PhysRevLett.96.254102},
  url = {https://link.aps.org/doi/10.1103/PhysRevLett.96.254102}
}
`

################################################################################
################################################################################
################################################################################
################################################################################
################################################################################

EARLY MOTOR DEVEPMENT!

@article{devries1982,
title = "The emergence of fetal behaviour. I. Qualitative aspects",
journal = "Early Human Development",
volume = "7",
number = "4",
pages = "301 - 322",
year = "1982",
issn = "0378-3782",
doi = "https://doi.org/10.1016/0378-3782(82)90033-0",
url = "http://www.sciencedirect.com/science/article/pii/0378378282900330",
author = "J.I.P. de Vries and G.H.A. Visser and H.F.R. Prechtl",
keywords = "fetal movement patterns, real-time ultrasound, first half of gestation, normal pregnancy",
}

@INPROCEEDINGS{mori2012,
author={H. Mori and Y. Kuniyoshi},
booktitle={2012 IEEE International Conference on Development and Learning and Epigenetic Robotics (ICDL)},
title={Is the developmental order of fetal behaviors self-organized in an uterine environment?},
year={2012},
volume={},
number={},
pages={1-2},
doi={10.1109/DevLrn.2012.6400884},
ISSN={},
month={Nov},
}



@article{eager2016,
  author={David Eager and Ann-Marie Pendrill and Nina Reistad},
  title={Beyond velocity and acceleration: jerk, snap and higher derivatives},
  journal={European Journal of Physics},
  volume={37},
  number={6},
  pages={065008},
  url={http://stacks.iop.org/0143-0807/37/i=6/a=065008},
  year={2016},
}





@article{flash1985,
	author = {Flash, T and Hogan, N},
	title = {The coordination of arm movements: an experimentally confirmed mathematical model},
	volume = {5},
	number = {7},
	pages = {1688--1703},
	year = {1985},
	doi = {10.1523/JNEUROSCI.05-07-01688.1985},
	publisher = {Society for Neuroscience},
	issn = {0270-6474},
	URL = {http://www.jneurosci.org/content/5/7/1688},
	eprint = {http://www.jneurosci.org/content/5/7/1688.full.pdf},
	journal = {Journal of Neuroscience}
}



#######
### MANUALS

@manual{srep2019,
title = {Github repository: 
	Strenghts and Weaknesses of 
	Recurrent Quantification Analysis
	in the context of Human-Humanoid Interaction},
author = {Miguel Xochicale},
year = {2019},
eprint = {https://github.com/mxochicale/srep2019},
}


doi = {https://github.com/mxochicale/srep2019},




@manual{nonlinearTseries2016,
title = {nonlinearTseries: Nonlinear Time Series Analysis},
author = {Constantino A. Garcia and Gunther Sawitzki},
year = {2016},
note = {R package version 0.2.4 --- For new features, see the 'Changelog' file (in the package source)},
url={https://github.com/constantino-garcia/nonlinearTseries},
}



@manual{Rsignal,
title = {{signal}: Signal processing},
author = {{signal R developers}},
year = {2014},
url = {http://r-forge.r-project.org/projects/signal/},
}






