@misc{srep2021,
title = {Github repository: 
	Nonlinear methods to quantify Movement Variability in Human-Humanoid Interaction Activities
	},
author = {Xochicale Miguel},
year = {2021},
howpublished="\url{https://github.com/mxochicale/srep2021}",
}
